<record><leader>00000cas a22000007a 4500</leader><controlfield tag="001">15646725</controlfield><controlfield tag="008">870507d19871988laucr ne      0   a0eng d</controlfield><datafield ind1=" " ind2=" " tag="010"><subfield code="a">sn 87003079 </subfield></datafield><datafield ind1=" " ind2=" " tag="040"><subfield code="a">NSD</subfield><subfield code="b">eng</subfield><subfield code="c">NSD</subfield><subfield code="d">LNP</subfield><subfield code="d">OCLCQ</subfield><subfield code="d">OCLCF</subfield><subfield code="d">OCLCO</subfield></datafield><datafield ind1=" " ind2=" " tag="012"><subfield code="m">1</subfield></datafield><datafield ind1="1" ind2=" " tag="022"><subfield code="a">0893-7907</subfield><subfield code="l">0893-7907</subfield><subfield code="2">1</subfield></datafield><datafield ind1="1" ind2=" " tag="029"><subfield code="a">AU@</subfield><subfield code="b">000025833941</subfield></datafield><datafield ind1=" " ind2=" " tag="032"><subfield code="a">878600</subfield><subfield code="b">USPS</subfield></datafield><datafield ind1=" " ind2=" " tag="037"><subfield code="b">Slidell Newspapers, Inc., P.O. Box 490, Slidell, LA 70459</subfield></datafield><datafield ind1=" " ind2=" " tag="042"><subfield code="a">nsdp</subfield></datafield><datafield ind1=" " ind2="0" tag="222"><subfield code="a">St. Tammany sun times</subfield></datafield><datafield ind1="0" ind2="0" tag="245"><subfield code="a">St. Tammany sun times.</subfield></datafield><datafield ind1="3" ind2="0" tag="246"><subfield code="a">Saint Tammany sun times</subfield></datafield><datafield ind1=" " ind2=" " tag="260"><subfield code="a">Slidell, La. :</subfield><subfield code="b">Slidell Newspapers</subfield></datafield><datafield ind1=" " ind2=" " tag="310"><subfield code="a">Semiweekly</subfield></datafield><datafield ind1="0" ind2=" " tag="362"><subfield code="a">Vol. 70, no. 208 (Apr. 15, 1987)-v. 71, no. 69 (Jan. 31, 1988).</subfield></datafield><datafield ind1=" " ind2="0" tag="651"><subfield code="a">Slidell (La.)</subfield><subfield code="v">Newspapers.</subfield></datafield><datafield ind1=" " ind2="7" tag="655"><subfield code="a">Newspapers.</subfield><subfield code="2">fast</subfield><subfield code="0">(OCoLC)fst01423814</subfield></datafield><datafield ind1=" " ind2="7" tag="651"><subfield code="a">Louisiana</subfield><subfield code="z">Slidell.</subfield><subfield code="2">fast</subfield><subfield code="0">(OCoLC)fst01215193</subfield></datafield><datafield ind1=" " ind2=" " tag="752"><subfield code="a">United States</subfield><subfield code="b">Louisiana</subfield><subfield code="c">Saint Tammany</subfield><subfield code="d">Slidell.</subfield></datafield><datafield ind1="0" ind2="0" tag="780"><subfield code="t">Slidell sun the daily times</subfield><subfield code="w">(DLC)sn 88064203</subfield></datafield></record>